% This file was created with JabRef 2.8.1.
% Encoding: MacRoman

@inproceedings{Corral2012,
 author = {Corral, Luis and Sillitti, Alberto and Succi, Giancarlo and Garibbo, Alessandro and Ramella, Paolo},
 title = {Evolution of Mobile Software Development from Platform-Specific to Web-Based Multiplatform Paradigm},
 booktitle = {Proceedings of the 10th SIGPLAN symposium on New ideas, new paradigms, and reflections on programming and software},
 series = {ONWARD '11},
 year = {2011},
 isbn = {978-1-4503-0941-7},
 location = {Portland, Oregon, USA},
 pages = {181--183},
 numpages = {3},
 url = {http://doi.acm.org/10.1145/2048237.2157457},
 doi = {10.1145/2048237.2157457},
 acmid = {2157457},
 publisher = {ACM},
 address = {New York, NY, USA},
} 

@ARTICLE{Butler2011, 
author={Butler, M.}, 
journal={Pervasive Computing, IEEE}, title={Android: Changing the Mobile Landscape}, 
year={2011}, 
volume={10}, 
number={1}, 
pages={4-7}, 
keywords={mobile computing;mobile radio;operating systems (computers);Android phones;Google;iPhone market;mobile landscape;smart phones;Androids;Driver circuits;Marketing and sales;Mobile communication;Smart phones;Android;App Inventor for Android;Apple App Store;BlackBerry;Technovation;iPhone}, 
doi={10.1109/MPRV.2011.1}, 
ISSN={1536-1268},}

@INPROCEEDINGS{Begel2010,
  author = {Begel, Andrew and Zimmermann, Thomas},
  title = {Keeping up with your friends: function Foo, library Bar.DLL, and
	work item 24},
  booktitle = {Proceedings of the 1st Workshop on Web 2.0 for Software Engineering},
  year = {2010},
  series = {Web2SE '10},
  pages = {20-23},
  address = {New York, NY, USA},
  publisher = {ACM},
  acmid = {1809205},
  doi = {10.1145/1809198.1809205},
  isbn = {978-1-60558-975-6},
  keywords = {inter-team coordination, knowledge management, mining software repositories,
	regular expression, regular language reachability, social networking},
  location = {Cape Town, South Africa},
  numpages = {4}
}

@INPROCEEDINGS{Bird2011a,
  author = {Bird, C.},
  title = {Sociotechnical coordination and collaboration in open source software},
  booktitle = {Software Maintenance (ICSM), 2011 27th IEEE International Conference
	on},
  year = {2011},
  pages = {568 -573},
  month = {sept.},
  doi = {10.1109/ICSM.2011.6080832},
  issn = {1063-6773},
  keywords = {OSS projects;bug databases;decision making;mailing list archives;open
	source software;productivity;sociotechnical collaboration;sociotechnical
	coordination;software complexity;software development teams;software
	projects;software quality;source code repository histories;decision
	making;project management;public domain software;socio-economic effects;software
	development management;software metrics;software quality;source coding;team
	working;}
}

@ARTICLE{Bonaccorsi2006,
  author = {Bonaccorsi, Andrea and Rossi, Cristina},
  title = {Comparing motivations of individual programmers and firms to take
	part in the open source movement: From community to business},
  journal = {Knowledge, Technology and Policy},
  year = {2006},
  volume = {18},
  pages = {40-64},
  affiliation = {University of Pisa the School of Engineering Italy},
  issn = {0897-1986},
  issue = {4},
  publisher = {Springer Netherlands}
}

@BOOK{Corbin2008,
  title = {Basics of qualitative research: Techniques and procedures for developing
	grounded theory},
  publisher = {Sage Publications},
  year = {2008},
  author = {Corbin, J.M. and Strauss, A.L.},
  edition = {3rd},
  owner = {fernando},
  timestamp = {2012.09.21}
}

@ARTICLE{Crowston2005,
  author = {Crowston, Kevin and Howison, James},
  title = {The social structure of free and open source software development},
  journal = {First Monday},
  year = {2005},
  volume = {10},
  number = {2}
}

@ARTICLE{Crowston2007,
  author = {Kevin Crowston and Qing Li and Kangning Wei and U. Yeliz Eseryel
	and James Howison},
  title = {Self-organization of teams for free/libre open source software development},
  journal = {Information and Software Technology},
  year = {2007},
  volume = {49},
  pages = {564 - 575},
  number = {6},
  doi = {10.1016/j.infsof.2007.02.004},
  issn = {0950-5849},
  keywords = {Free/libre open source software development}
}

@ARTICLE{Crowston2008,
  author = {Crowston, Kevin and Scozzi, Barbara},
  title = {Bug Fixing Practices within Free/Libre Open Source Software Development
	Teams},
  journal = {Journal of Database Management},
  year = {2008},
  volume = {19},
  pages = {1 - 30},
  number = {2},
  issn = {1063-8016},
  keywords = {Bug-fixing Processes}
}

@INPROCEEDINGS{Crowston2005a,
  author = {Crowston, Kevin and Wei, Kangning and Li, Qing and Eseryel, U. Yeliz
	and Howison, James},
  title = {Coordination of free/libre and open source software development},
  booktitle = {Institute for Software Research},
  year = {2005},
  pages = {Paper 490}
}

@INPROCEEDINGS{Crowston2006,
  author = {Crowston, Kevin and Wei, Kangning and Li, Qing and Howison, James},
  title = {Core and periphery in Free/Libre and Open Source software team communications},
  booktitle = {Institute for Software Research},
  year = {2006},
  pages = {Paper 489}
}

@INPROCEEDINGS{Dabbish2012,
  author = {Dabbish, L. and Stuart, C. and Tsay, J. and Herbsleb, J.},
  title = {Social coding in GitHub: transparency and collaboration in an open
	software repository},
  booktitle = {Proceedings of the ACM 2012 conference on Computer Supported Cooperative
	Work},
  year = {2012},
  pages = {1277--1286},
  organization = {ACM}
}

@INPROCEEDINGS{Dagenais2010,
  author = {Dagenais, Barth{\'e}l{\'e}my and Robillard, Martin P.},
  title = {Creating and evolving developer documentation: understanding the
	decisions of open source contributors},
  booktitle = {Proceedings of the eighteenth ACM SIGSOFT international symposium
	on Foundations of software engineering},
  year = {2010},
  series = {FSE '10},
  pages = {127--136},
  address = {New York, NY, USA},
  publisher = {ACM},
  acmid = {1882312},
  doi = {10.1145/1882291.1882312},
  isbn = {978-1-60558-791-2},
  keywords = {developer documentation, framework, grounded theory, open source projects,
	qualitative studies, software documentation},
  location = {Santa Fe, New Mexico, USA},
  numpages = {10}
}

@ARTICLE{Boyd2007,
  author = {danah m. boyd and Nicole B. Ellison},
  title = {{S}ocial network sites: {D}efinition, history, and scholarship},
  journal = {{J}ournal of {C}omputer-{M}ediated {C}ommunication},
  year = {2007},
  volume = {13},
  pages = {210--230},
  number = {1},
  owner = {Leif Singer},
  publisher = {Wiley Online Library},
  timestamp = {2011.12.02}
}

@BOOK{Easley2010,
  title = {Networks, Crowds, and Markets: Reasoning about a Highly Connected
	World},
  publisher = {Cambridge University Press},
  year = {2010},
  author = {David Easley and Jon Kleinberg},
  owner = {fernando},
  timestamp = {2012.10.28}
}

@ARTICLE{Garousi2010,
  author = {Vahid Garousi and Tan Varma},
  title = {A replicated survey of software testing practices in the Canadian
	province of Alberta: What has changed from 2004 to 2009?},
  journal = {Journal of Systems and Software},
  year = {2010},
  volume = {83},
  pages = {2251 - 2262},
  number = {11},
  doi = {10.1016/j.jss.2010.07.012},
  issn = {0164-1212},
  keywords = {Survey}
}

@BOOK{Glaser1967,
  title = {The Discovery of Grounded Theory: Strategies for Qualitative Research},
  publisher = {Aldine de Gruyter},
  year = {1967},
  author = {Glaser, B.G. and Strauss, A.L.},
  series = {Observations (Chicago, Ill.)},
  isbn = {9780202302607},
  lccn = {66028314}
}

@INPROCEEDINGS{Greiler2012,
  author = {Greiler, Michaela and Deursen, Arie van and Storey, Margaret-Anne},
  title = {Test confessions: a study of testing practices for plug-in systems},
  booktitle = {Proceedings of the 2012 International Conference on Software Engineering},
  year = {2012},
  series = {ICSE 2012},
  pages = {244--254},
  address = {Piscataway, NJ, USA},
  publisher = {IEEE Press},
  acmid = {2337253},
  isbn = {978-1-4673-1067-3},
  location = {Zurich, Switzerland},
  numpages = {11}
}

@INPROCEEDINGS{Halloran2002,
  author = {Halloran, T.J. and Scherlis, William L.},
  title = {High Quality and Open Source Software Practices},
  booktitle = {Meeting Challenges and Surviving Success: Second Workshop Open Source
	Software Eng.},
  year = {2002}
}

@ARTICLE{Krishnamurthy2006,
  author = {Krishnamurthy, Sandeep},
  title = {On the intrinsic and extrinsic motivation of free/libre/open source
	(FLOSS) developers},
  journal = {Knowledge, Technology and Policy},
  year = {2006},
  volume = {18},
  pages = {17-39},
  affiliation = {E-Commerce and Marketing at the University of Washington USA},
  issn = {0897-1986},
  issue = {4},
  publisher = {Springer Netherlands}
}

@BOOK{Lave1991,
  title = {{S}ituated learning: {L}egitimate peripheral participation},
  publisher = {Cambridge University Press},
  year = {1991},
  author = {Lave, J. and Wenger, E.},
  owner = {Leif Singer},
  timestamp = {2011.01.28}
}

@ARTICLE{Markus1987,
  author = {M. {Lynne Markus}},
  title = {Toward a ``Critical Mass'' Theory of Interactive Media: Universal
	Access, Interdependence and Diffusion},
  journal = {Communication Research},
  year = {1987},
  volume = {14},
  number = {491},
  owner = {fernando},
  timestamp = {2012.10.28}
}

@INPROCEEDINGS{Michlmayr2005,
  author = {Michlmayr, Martin and Hunt, Francis and Probert, David},
  title = {{Quality Practices and Problems in Free Software Projects}},
  booktitle = {{Proceedings of the First International Conference on Open Source
	Systems}},
  year = {2005},
  pages = {24--28},
  keywords = {open, oss, quality, source}
}

@INPROCEEDINGS{Mockus2000,
  author = {Mockus, A. and Fielding, R.T. and Herbsleb, J.},
  title = {A case study of open source software development: the Apache server
	},
  booktitle = {Software Engineering, 2000. Proceedings of the 2000 International
	Conference on},
  year = {2000},
  pages = {263 -272},
  doi = {10.1109/ICSE.2000.870417},
  keywords = {Apache web server;code ownership;defect density;email archives;open
	source software development;productivity;search engines;software
	engineering;software process improvement;}
}

@ARTICLE{Nagappan2008,
  author = {Nagappan, Nachiappan and Maximilien, E. and Bhat, Thirumalesh and
	Williams, Laurie},
  title = {Realizing quality improvement through test driven development: results
	and experiences of four industrial teams},
  journal = {Empirical Software Engineering},
  year = {2008},
  volume = {13},
  pages = {289-302},
  note = {10.1007/s10664-008-9062-z},
  affiliation = {Microsoft Research Redmond WA USA},
  issn = {1382-3256},
  issue = {3},
  keyword = {Computer Science},
  publisher = {Springer Netherlands}
}

@INPROCEEDINGS{Murnane2004,
  author = {Ng, S.P. and Murnane, T. and Reed, K. and Grant, D. and Chen, T.Y.},
  title = {A preliminary survey on software testing practices in Australia},
  booktitle = {Software Engineering Conference, 2004. Proceedings. 2004 Australian},
  year = {2004},
  pages = { 116 - 125},
  doi = {10.1109/ASWEC.2004.1290464},
  keywords = { Australian ICT industry; automated testing tool; software engineering;
	software testing education; software testing metrics; software testing
	practice; testing standard; program testing; software metrics; software
	standards;}
}

@INPROCEEDINGS{Ogawa2010,
  author = {Ogawa, Michael and Ma, Kwan-Liu},
  title = {Software evolution storylines},
  booktitle = {Proceedings of the 5th international symposium on Software visualization},
  year = {2010},
  series = {SOFTVIS '10},
  pages = {35--42},
  address = {New York, NY, USA},
  publisher = {ACM},
  acmid = {1879219},
  doi = {10.1145/1879211.1879219},
  isbn = {978-1-4503-0028-5},
  keywords = {software evolution, software visualization, storylines},
  location = {Salt Lake City, Utah, USA},
  numpages = {8},
  url = {http://doi.acm.org/10.1145/1879211.1879219}
}

@INPROCEEDINGS{Parnin2011,
  author = {Parnin, Chris and Treude, Christoph},
  title = {Measuring API documentation on the web},
  booktitle = {Proceedings of the 2nd International Workshop on Web 2.0 for Software
	Engineering},
  year = {2011},
  series = {Web2SE '11},
  pages = {25--30},
  address = {New York, NY, USA},
  publisher = {ACM},
  acmid = {1984706},
  doi = {10.1145/1984701.1984706},
  isbn = {978-1-4503-0595-2},
  keywords = {api documentation, crowd documentation, social media},
  location = {Waikiki, Honolulu, HI, USA},
  numpages = {6}
}

@TECHREPORT{Pham2012,
  author = {Raphael Pham and Leif Singer and Olga Liskin and Fernando {Figueira
	Filho} and Kurt Schneider},
  title = {{C}reating a {S}hared {U}nderstanding of {T}esting {C}ulture on a
	{S}ocial {C}oding {S}ite},
  institution = {Leibniz Universit\"at Hannover},
  year = {2012},
  owner = {fernando},
  timestamp = {2012.09.19}
}

@incollection{Bryant2012,
year={2012},
isbn={978-1-4302-4524-7},
booktitle={Pro HTML5 Performance},
doi={10.1007/978-1-4302-4525-4_4},
title={Responsive Web Design},
url={http://dx.doi.org/10.1007/978-1-4302-4525-4_4},
publisher={Apress},
author={Bryant, Jay and Jones, Mike},
pages={37-49},
language={English}
}

@BOOK{Rogers2003,
  title = {{D}iffusion of {I}nnovations},
  publisher = {Free Press},
  year = {2003},
  author = {Everett M. Rogers},
  edition = {5th}
}

@inproceedings{Singer2013,
 author = {Singer, Leif and Figueira Filho, Fernando and Cleary, Brendan and Treude, Christoph and Storey, Margaret-Anne and Schneider, Kurt},
 title = {Mutual assessment in the social programmer ecosystem: an empirical investigation of developer profile aggregators},
 booktitle = {Proceedings of the 2013 conference on Computer supported cooperative work},
 series = {CSCW '13},
 year = {2013},
 isbn = {978-1-4503-1331-5},
 location = {San Antonio, Texas, USA},
 pages = {103--116},
 numpages = {14},
 url = {http://doi.acm.org/10.1145/2441776.2441791},
 doi = {10.1145/2441776.2441791},
 acmid = {2441791},
 publisher = {ACM},
 address = {New York, NY, USA},
 keywords = {gamification, motivation, reputation, social code sharing, social media, software development, software engineering, virtual communities},
} 


@TECHREPORT{Singer2012b,
  author = {Leif Singer and Fernando {Figueira Filho} and Brendan Cleary and
	Christoph Treude and Margaret-Anne Storey and Kurt Schneider},
  title = {{M}utual {A}ssessment in the {S}ocial {P}rogrammer {E}cosystem: {A}n
	{E}mpirical {I}nvestigation of {D}eveloper {P}rofile {A}ggregators},
  institution = {University of Victoria},
  year = {2012},
  number = {Technical Report DCS-347-IR},
  keywords = {PDF},
  owner = {Leif Singer},
  timestamp = {2012.06.20}
}

@INCOLLECTION{deSouza2011,
  author = {Souza, Cleidson and Redmiles, David},
  title = {The Awareness Network: To Whom Should I Display My Actions? And,
	Whose Actions Should I Monitor?},
  booktitle = {ECSCW 2007},
  publisher = {Springer London},
  year = {2007},
  editor = {Bannon, Liam and Wagner, Ina and Gutwin, Carl and Harper, Richard
	and Schmidt, Kjeld},
  pages = {99-117},
  affiliation = {Universidade Federal do Pará Faculdade de Computação Belém PA
	Brazil},
  doi = {10.1007/978-1-84800-031-5_6},
  isbn = {978-1-84800-031-5},
  keyword = {Computer Science}
}

@ARTICLE{Sowe2008,
  author = {Sulayman K. Sowe and Ioannis Stamelos and Lefteris Angelis},
  title = {Understanding knowledge sharing activities in free/open source software
	projects: An empirical study},
  journal = {Journal of Systems and Software},
  year = {2008},
  volume = {81},
  pages = {431 - 446},
  number = {3},
  doi = {10.1016/j.jss.2007.03.086},
  issn = {0164-1212},
  keywords = {Open source software projects}
}

@ARTICLE{Stewart2006,
  author = {Katherine J. Stewart and Sanjay Gosain},
  title = {The impact of ideology on effectiveness in open source software development
	teams},
  journal = {MIS Quarterly},
  year = {2006},
  volume = {30},
  pages = {291--314}
}

@INPROCEEDINGS{Storey2010,
  author = {Storey, M.A. and Treude, C. and van Deursen, A. and Cheng, L.T.},
  title = {{T}he impact of social media on software engineering practices and
	tools},
  booktitle = {Proceedings of the FSE/SDP workshop on Future of software engineering
	research},
  year = {2010},
  pages = {359--364},
  organization = {ACM},
  owner = {Leif Singer},
  timestamp = {2012.03.16}
}

@BOOK{Strauss1997,
  title = {Grounded Theory in Practice},
  publisher = {SAGE Publications},
  year = {1997},
  author = {Strauss, A. and Corbin, J.M.},
  isbn = {9780761907480},
  lccn = {96045918}
}

@INPROCEEDINGS{Stuart2012,
  author = {Stuart, H. Colleen and Dabbish, Laura and Kiesler, Sara and Kinnaird,
	Peter and Kang, Ruogu},
  title = {Social transparency in networked information exchange: a theoretical
	framework},
  booktitle = {Proceedings of the ACM 2012 conference on Computer Supported Cooperative
	Work},
  year = {2012},
  series = {CSCW '12},
  pages = {451--460},
  address = {New York, NY, USA},
  publisher = {ACM},
  doi = {10.1145/2145204.2145275},
  isbn = {978-1-4503-1086-4},
  location = {Seattle, Washington, USA},
  numpages = {10}
}

@INPROCEEDINGS{Treude2012,
  author = {Treude, C. and {Figueira Filho}, F. M. and Cleary, Brendan and Storey,
	M.-A.},
  title = {Programming in a Socially Networked World: the Evolution of the Social
	Programmer},
  booktitle = {Proceedings of the 1st Workshop on The Future of Collaborative Software
	Development in conjunction with the 2012 ACM Conference on Computer
	Supported Cooperative Work},
  year = {2012}
}

@BOOK{Wasserman1994,
  title = {Social Network Analysis: Methods and Applications},
  publisher = {Cambridge University Press},
  year = {1994},
  author = {Stanley Wasserman and Katherine Faust},
  owner = {fernando},
  timestamp = {2012.10.29}
}

@BOOK{Wenger1998,
  title = {{C}ommunities of {P}ractice - {L}earning, {M}eaning, and {I}dentity},
  publisher = {Cambridge University Press},
  year = {1998},
  author = {Wenger, E.},
  owner = {fernando},
  timestamp = {2012.10.25}
}

